@article{young2010hidden,
  title={{The hidden information state model: A practical framework for {POMDP}-based spoken dialogue management}},
  author={Young, Steve and Ga{\v{s}}i{\'c}, Milica and Keizer, Simon and Mairesse, Fran{\c{c}}ois and Schatzmann, Jost and Thomson, Blaise and Yu, Kai},
  journal={Computer Speech \& Language},
  volume={24},
  number={2},
  pages={150--174},
  year={2010},
  publisher={Elsevier}
}

@article{williams2016end,
  title={End-to-end LSTM-based dialog control optimized with supervised and reinforcement learning},
  author={Williams, Jason D and Zweig, Geoffrey},
  journal={arXiv preprint arXiv:1606.01269},
  year={2016}
}
